@misc{wiki-Magnetic_resonance_imaging,
	author = {},
	title = {},
	year = {(accessed on 23 May 2021)},
	howpublished = {Available online: \url{https://en.wikipedia.org/wiki/Magnetic_resonance_imaging}}
}


@book{book:basic-principles-and-applications,
	title =     {MRI : basic principles and applications},
	author =    {Brown, Mark A., Dale, Brian M., Semelka, Richard C},
	publisher = {Wiley-Blackwell},
	isbn =      {978-1-119-01305-1,9781119012948,1119012945,9781119013037,1119013038,9781119013068,1119013062,1119013054},
	year =      {2015},
	series =    {},
	edition =   {5},
	volume =    {},
	url =       {http://gen.lib.rus.ec/book/index.php?md5=d76d7c27e312cdba3afe5cafc952bb7e}
}


@misc{Handouts-NMRhandout.html,
	author = {},
	title = {{NMR} Theory Web Handout},
	year = {(accessed on 6 June 2021)},
	howpublished = {Available online: \url{http://iverson.cm.utexas.edu/courses/310N/Handouts/NMRhandout.html}}
}

@misc{science-water-you-water-and-human-body,
	author = {},
	title = {},
	year = {(accessed on 8 June 2021)},
	howpublished = {Available online: \url{https://www.usgs.gov/special-topic/water-science-school/science/water-you-water-and-human-body}}
}

@incollection{McRobbie,
	doi = {10.1017/9781107706958.010},
	publisher = {Cambridge University Press},
	pages = {124--143},
	author = {Donald W. McRobbie and Elizabeth A. Moore and Martin J. Graves},
	title = {Getting in Tune: Resonance and Relaxation},
	booktitle = {{MRI} from Picture to Proton}
}

@misc{JosephHornak,
	author = {Joseph P. Hornak},
	title = {Chapter 4: NMR SPECTROSCOPY},
	year = {(accessed on 22 June 2021)},
	howpublished = {Available online: \url{https://www.cis.rit.edu/htbooks/mri/chap-4/chap-4.htm#4.1}}
}













@article{Jin_2016,
	doi = {10.1109/tci.2016.2601296},
	year = 2016,
	month = {dec},
	publisher = {Institute of Electrical and Electronics Engineers ({IEEE})},
	volume = {2},
	number = {4},
	pages = {480--495},
	author = {Kyong Hwan Jin and Dongwook Lee and Jong Chul Ye},
	title = {A General Framework for Compressed Sensing and Parallel {MRI} Using Annihilating Filter Based Low-Rank Hankel Matrix},
	journal = {{IEEE Trans. Comput. Imaging} Transactions on Computational Imaging}
}


@article{Lustig_2007,
	doi = {10.1002/mrm.21391},
	year = 2007,
	publisher = {Wiley},
	volume = {58},
	number = {6},
	pages = {1182--1195},
	author = {Michael Lustig and David Donoho and John M. Pauly},
	title = {Sparse {MRI}: The application of compressed sensing for rapid {MR} imaging},
	journal = {Magn. Reson. Med.}
}

@article{Haldar_2014,
	doi = {10.1109/tmi.2013.2293974},
	year = 2014,
	month = {mar},
	publisher = {Institute of Electrical and Electronics Engineers ({IEEE})},
	volume = {33},
	number = {3},
	pages = {668--681},
	author = {Justin P. Haldar},
	title = {Low-Rank Modeling of Local k-Space Neighborhoods ({LORAKS}) for Constrained {MRI}},
	journal = {{IEEE Trans. Med. Imaging} Transactions on Medical Imaging}
}

@article{Cand_s_2009,
	doi = {10.1007/s10208-009-9045-5},
	year = 2009,
	month = {apr},
	publisher = {Springer Science and Business Media {LLC}},
	volume = {9},
	number = {6},
	pages = {717--772},
	author = {Emmanuel J. Cand{\`{e}}s and Benjamin Recht},
	title = {Exact Matrix Completion via Convex Optimization},
	journal = {Found Comput Math}
}


@article{Unser_2014,
	doi = {10.1109/tit.2014.2311903},
	year = 2014,
	month = {may},
	publisher = {Institute of Electrical and Electronics Engineers ({IEEE})},
	volume = {60},
	number = {5},
	pages = {3036--3051},
	author = {Michael Unser and Pouya D. Tafti and Arash Amini and Hagai Kirshner},
	title = {A Unified Formulation of Gaussian Versus Sparse Stochastic Processes{\textemdash}Part {II}: Discrete-Domain Theory},
	journal = {{IEEE Trans. Inform. Theory} Transactions on Information Theory}
}












@article{Han_2020,
	doi = {10.1109/tmi.2019.2927101},
	year = 2020,
	month = {feb},
	publisher = {Institute of Electrical and Electronics Engineers ({IEEE})},
	volume = {39},
	number = {2},
	pages = {377--386},
	author = {Yoseo Han and Leonard Sunwoo and Jong Chul Ye},
	title = {{\textdollar}$\lbrace$k$\rbrace${\textdollar} -Space Deep Learning for Accelerated {MRI}},
	journal = {{IEEE Trans. Med. Imaging} Transactions on Medical Imaging}
}

